@Article{pmid22043864,
   Author="Benichou, J.  and Ben-Hamo, R.  and Louzoun, Y.  and Efroni, S. ",
   Title="{{R}ep-{S}eq: uncovering the immunological repertoire through next-generation sequencing}",
   Journal="Immunology",
   Year="2012",
   Volume="135",
   Number="3",
   Pages="183--191",
   Month="Mar"
}

@Article{pmid28091601,
   Author="Zheng, G. X.  and Terry, J. M.  and Belgrader, P.  and Ryvkin, P.  and Bent, Z. W.  and Wilson, R.  and Ziraldo, S. B.  and Wheeler, T. D.  and McDermott, G. P.  and Zhu, J.  and Gregory, M. T.  and Shuga, J.  and Montesclaros, L.  and Underwood, J. G.  and Masquelier, D. A.  and Nishimura, S. Y.  and Schnall-Levin, M.  and Wyatt, P. W.  and Hindson, C. M.  and Bharadwaj, R.  and Wong, A.  and Ness, K. D.  and Beppu, L. W.  and Deeg, H. J.  and McFarland, C.  and Loeb, K. R.  and Valente, W. J.  and Ericson, N. G.  and Stevens, E. A.  and Radich, J. P.  and Mikkelsen, T. S.  and Hindson, B. J.  and Bielas, J. H. ",
   Title="{{M}assively parallel digital transcriptional profiling of single cells}",
   Journal="Nat Commun",
   Year="2017",
   Volume="8",
   Pages="14049",
   Month="Jan"
}

@misc{10x_datasets ,
    author = {10x Genomics, Inc},
    title = {Single cell immune profiling datasets},
    howpublished = {Available at \url{https://
    support.10xgenomics.com/single-cell-vdj/datasets} (2018/05/25)}
}

@manual{10x_manual,
    title = {Single Cell V(D)J Reagent Kits User Guide},
    language = {English},
    organization = {10x Genomics, Inc},
    year = {2018},
}

@article{barreto2000frequency,
  title={Frequency and characterization of phenotypic Ig heavy chain allelically included IgM-expressing B cells in mice},
  author={Barreto, Vasco and Cumano, Ana},
  journal={The Journal of Immunology},
  volume={164},
  number={2},
  pages={893--899},
  year={2000},
  publisher={Am Assoc Immnol}
}

@article{pelanda2014dual,
  title={Dual immunoglobulin light chain B cells: Trojan horses of autoimmunity?},
  author={Pelanda, Roberta},
  journal={Current opinion in immunology},
  volume={27},
  pages={53--59},
  year={2014},
  publisher={Elsevier}
}

@article{casellas2007igkappa,
  title={Ig$\kappa$ allelic inclusion is a consequence of receptor editing},
  author={Casellas, Rafael and Zhang, Qingzhao and Zheng, Nai-Ying and Mathias, Melissa D and Smith, Kenneth and Wilson, Patrick C},
  journal={Journal of Experimental Medicine},
  volume={204},
  number={1},
  pages={153--160},
  year={2007},
  publisher={Rockefeller University Press}
}

@article{liu2005receptor,
  title={Receptor editing can lead to allelic inclusion and development of B cells that retain antibodies reacting with high avidity autoantigens},
  author={Liu, Sucai and Velez, Maria-Gabriela and Humann, Jessica and Rowland, Sarah and Conrad, Frank J and Halverson, Regina and Torres, Raul M and Pelanda, Roberta},
  journal={The Journal of Immunology},
  volume={175},
  number={8},
  pages={5067--5076},
  year={2005},
  publisher={Am Assoc Immnol}
}

@article{fraser2015immunoglobulin,
  title={Immunoglobulin light chain allelic inclusion in systemic lupus erythematosus},
  author={Fraser, Louise D and Zhao, Yuan and Lutalo, Pamela MK and D'Cruz, David P and Cason, John and Silva, Joselli S and Dunn-Walters, Deborah K and Nayar, Saba and Cope, Andrew P and Spencer, Jo},
  journal={European journal of immunology},
  volume={45},
  number={8},
  pages={2409--2419},
  year={2015},
  publisher={Wiley Online Library}
}

@article{dekosky2015depth,
  title={In-depth determination and analysis of the human paired heavy-and light-chain antibody repertoire},
  author={DeKosky, Brandon J and Kojima, Takaaki and Rodin, Alexa and Charab, Wissam and Ippolito, Gregory C and Ellington, Andrew D and Georgiou, George},
  journal={Nature medicine},
  volume={21},
  number={1},
  pages={86},
  year={2015},
  publisher={Nature Publishing Group}
}

@article{stern2014b,
  title={B cells populating the multiple sclerosis brain mature in the draining cervical lymph nodes},
  author={Stern, Joel NH and Yaari, Gur and Vander Heiden, Jason A and Church, George and Donahue, William F and Hintzen, Rogier Q and Huttner, Anita J and Laman, Jon D and Nagra, Rashed M and Nylander, Alyssa and others},
  journal={Science translational medicine},
  volume={6},
  number={248},
  pages={248ra107--248ra107},
  year={2014},
  publisher={American Association for the Advancement of Science}
}

@article{hoehn2015dynamics,
  title={Dynamics of immunoglobulin sequence diversity in HIV-1 infected individuals},
  author={Hoehn, Kenneth B and Gall, Astrid and Bashford-Rogers, Rachael and Fidler, SJ and Kaye, S and Weber, JN and McClure, MO and Kellam, Paul and Pybus, Oliver G and SPARTAC Trial Investigators and others},
  journal={Phil. Trans. R. Soc. B},
  volume={370},
  number={1676},
  pages={20140241},
  year={2015},
  publisher={The Royal Society}
}

@article{jackson2014human,
  title={Human responses to influenza vaccination show seroconversion signatures and convergent antibody rearrangements},
  author={Jackson, Katherine JL and Liu, Yi and Roskin, Krishna M and Glanville, Jacob and Hoh, Ramona A and Seo, Katie and Marshall, Eleanor L and Gurley, Thaddeus C and Moody, M Anthony and Haynes, Barton F and others},
  journal={Cell host \& microbe},
  volume={16},
  number={1},
  pages={105--114},
  year={2014},
  publisher={Elsevier}
}

@article{miho2017fundamental,
  title={The fundamental principles of antibody repertoire architecture revealed by large-scale network analysis},
  author={Miho, Enkelejda and Greiff, Victor and Reddy, Sai T and others},
  journal={bioRxiv},
  pages={124578},
  year={2017},
  publisher={Cold Spring Harbor Laboratory}
}

@article{warren2013high,
  title={High-throughput sequencing of B-and T-lymphocyte antigen receptors in hematology},
  author={Warren, Edus H and Matsen, Frederick A and Chou, Jeffrey},
  journal={Blood},
  volume={122},
  number={1},
  pages={19--22},
  year={2013},
  publisher={Am Soc Hematology}
}

@article{logan2011high,
  title={High-throughput VDJ sequencing for quantification of minimal residual disease in chronic lymphocytic leukemia and immune reconstitution assessment},
  author={Logan, Aaron C and Gao, Hong and Wang, Chunlin and Sahaf, Bita and Jones, Carol D and Marshall, Eleanor L and Bu{\~n}o, Ismael and Armstrong, Randall and Fire, Andrew Z and Weinberg, Kenneth I and others},
  journal={Proceedings of the National Academy of Sciences},
  volume={108},
  number={52},
  pages={21194--21199},
  year={2011},
  publisher={National Acad Sciences}
}

@article{briney2016clonify,
  title={Clonify: unseeded antibody lineage assignment from next-generation sequencing data},
  author={Briney, Bryan and Le, Khoa and Zhu, Jiang and Burton, Dennis R},
  journal={Scientific reports},
  volume={6},
  pages={23901},
  year={2016},
  publisher={Nature Publishing Group}
}

@article{ralph2015consistency,
  title={Consistency of VDJ rearrangement and substitution parameters enables accurate B cell receptor sequence annotation, arXiv (q-bio. PE), 1--40},
  author={Ralph, D and Matsen, FA},
  journal={Google Scholar},
  year={2015}
}

@article{hoehn2016diversity,
  title={The diversity and molecular evolution of B-cell receptors during infection},
  author={Hoehn, Kenneth B and Fowler, Anna and Lunter, Gerton and Pybus, Oliver G},
  journal={Molecular biology and evolution},
  volume={33},
  number={5},
  pages={1147--1157},
  year={2016},
  publisher={Oxford University Press}
}

@article{horns2016lineage,
  title={Lineage tracing of human B cells reveals the in vivo landscape of human antibody class switching},
  author={Horns, Felix and Vollmers, Christopher and Croote, Derek and Mackey, Sally F and Swan, Gary E and Dekker, Cornelia L and Davis, Mark M and Quake, Stephen R},
  journal={Elife},
  volume={5},
  year={2016},
  publisher={eLife Sciences Publications, Ltd}
}

@article{lindeman2017bracer,
  title={BraCeR: Reconstruction of B-cell receptor sequences and clonality inference from single-cell RNA-sequencing},
  author={Lindeman, Ida and Emerton, Guy and Sollid, Ludvig M and Teichmann, Sarah and Stubbington, Michael JT},
  journal={bioRxiv},
  pages={185504},
  year={2017},
  publisher={Cold Spring Harbor Laboratory}
}

@article{yaari2013models,
  title={Models of somatic hypermutation targeting and substitution based on synonymous mutations from high-throughput immunoglobulin sequencing data},
  author={Yaari, Gur and Vander Heiden, Jason and Uduman, Mohamed and Gadala-Maria, Daniel and Gupta, Namita and Stern, Joel NH and O'Connor, Kevin and Hafler, David and Laserson, Uri and Vigneault, Francois and others},
  journal={Frontiers in immunology},
  volume={4},
  pages={358},
  year={2013},
  publisher={Frontiers}
}

@article{davidsen2018benchmarking,
  title={Benchmarking tree and ancestral sequence inference for B cell receptor sequences},
  author={Davidsen, Kristian and Matsen, Frederick},
  journal={bioRxiv},
  pages={307736},
  year={2018},
  publisher={Cold Spring Harbor Laboratory}
}

@article{safonova2015igsimulator,
  title={IgSimulator: a versatile immunosequencing simulator},
  author={Safonova, Yana and Lapidus, Alla and Lill, Jennie},
  journal={Bioinformatics},
  volume={31},
  number={19},
  pages={3213--3215},
  year={2015},
  publisher={Oxford University Press}
}


























